@misc{hobbes,
author= {The School of Life},
year= {2015},
title = {{POLITICAL THEORY} - {T}homas {H}obbes},
url= {https://www.youtube.com/watch?app=desktop&v=9i4jb5XBX5s},
howpublished = {\url{https://www.youtube.com/watch?app=desktop&v=9i4jb5XBX5s}},
month = {July},
lastaccessed = {May 20, 2021},
note = {},
}

@book{leviathan,
author = {Bertrand Russell},
title = {History of Western Philosophy},
year = {1945},
}

@misc{hobbespod,
author = {Catherine Carr},
title = {{T}alking {P}olitics: {H}istory {O}f {I}deas | {H}obbes {O}n {T}he {S}tate},
url = {https://www.talkingpoliticspodcast.com/history-of-ideas/hobbes},
howpublished = {\url{https://www.talkingpoliticspodcast.com/history-of-ideas/hobbes}},
}

@misc{philosophy,
author= {Philosophy Vibe},
year= {2021},
title = {{R}ousseau's {S}ocial {C}ontract {T}heory},
url= {https://www.youtube.com/watch?v=hssYkF-s3ks},
howpublished = {\url{https://www.youtube.com/watch?v=hssYkF-s3ks}},
month = {February},
lastaccessed = {May 20, 2021},
note = {},
}


@misc{locke,
author= {The School of Life},
year= {2016},
title = {{POLITICAL THEORY} - {J}ohn {L}ocke},
url= {https://www.youtube.com/watch?v=bZiWZJgJT7I},
howpublished = {\url{https://www.youtube.com/watch?v=bZiWZJgJT7I}},
month = {April},
lastaccessed = {May 20, 2021},
note = {},
}

@misc{rousseau,
author= {The School of Life},
year= {2015},
title = {{POLITICAL THEORY} - {J}ean-{J}acques {R}ousseau},
howpublished = {\url{https://www.youtube.com/watch?v=81KfDXTTtXE}},
url = {https://www.youtube.com/watch?v=81KfDXTTtXE},
month = {August},
lastaccessed = {May 20, 2021},
note = {},
}
